@Article{Lawvere,
  Author = {F. W. Lawvere},
  Title = {Functorial Semantics of Algebraic Theories and Some Algebraic
    Problems in the context of Functorial Semantics of Algebraic Theories},
  Journal = {Reprints in Theory and Applications of Categories,
    \mbox{\rm No.~5, pp~1--121}},
  OptNumber = {5},
  OptPages = {1--121},
  Note = {(Originally published as: Ph.D. thesis, Columbia University, 1963
      and in \emph{Reports of the Midwest Category Seminar II}, 1968,
      41--61.)}
}

@Article{VoevodskyFiore,
  Author = {V. Voevodsky and M. Fiore},
  Title = {{Lawvere} theories and {C-systems}},
  Journal = {Proceedings of the American Mathematical Society},
  OPTVolume= {},
  Year = {2018},
  OPTPages = {},
  Note = {To appear},
}

@Unpublished{FioreVoevodsky,
  Author = {M. Fiore and V. Voevodsky},
  Title ={Sorted {Lawvere} theories and {C-systems}},
  Note = {Working draft},
  Year = {2017},
}

@phdthesis{cartmellcsystems1,
  title={Generalised algebraic theories and contextual categories},
  author={Cartmell, JW},
  year={1978},
  school={University of Oxford}
}

@article{cartmellcsystems2,
  title={Generalised algebraic theories and contextual categories},
  author={Cartmell, John},
  journal={Annals of Pure and Applied Logic},
  volume={32},
  pages={209--243},
  year={1986},
  publisher={Elsevier}
}

@article{voevodskyunimath,
  title={An experimental library of formalized mathematics based on the univalent foundations},
  author={Voevodsky, Vladimir},
  journal={Mathematical Structures in Computer Science},
  volume={25},
  number={5},
  pages={1278--1294},
  year={2015},
  publisher={Cambridge University Press}
}

@ARTICLE{voevodskycsystems,
   author = {{Voevodsky}, V.},
    title = "{Subsystems and regular quotients of C-systems}",
  journal = {ArXiv e-prints},
archivePrefix = "arXiv",
   eprint = {1406.7413},
 primaryClass = "math.LO",
 keywords = {Mathematics - Logic, 03B15, 03B22, 03F50, 03G25},
     year = 2014,
    month = jun,
}

@Misc{UniMath,
   author = {Voevodsky, Vladimir and Ahrens, Benedikt and Grayson, Daniel and others},
   title = {{\em UniMath}: {Univalent} {Mathematics}},
   howpublished = {Available at \url{https://github.com/UniMath}}
}

@Misc{TypeTheory,
   author = {Voevodsky, Vladimir and Ahrens, Benedikt and Grayson, Daniel and others},
   title = {UniMath/TypeTheory},
   howpublished = {Available at \url{https://github.com/UniMath/TypeTheory}}
}

@book{universalalgebra,
   title={A treatise on universal algebra: with applications},
   author={Whitehead, Alfred North},
   year={1898},
}

@misc{itt,
   title={Intuitionistic Type Theory},
   author={Martin-L{\"o}f, Per},
   year=1980,
   note={Lecture notes recorded by Giovanni Sambin}
}

@manual{coq,
  author = {{Coq} {Development} {Team}, The},
  title  = {The {Coq} Proof Assistant Reference Manual, version 8.7},
  month  = Oct,
  year   = {2017},
  url    = {http://coq.inria.fr}
}

@techreport{isabelle,
  title={The Isabelle reference manual},
  author={Paulson, Lawrence C and others},
  year={2004},
}

@misc{univalence,
  title={Univalent Foundations Project},
  author={Voevodsky, Vladimir},
  year=2010,
}

@ARTICLE{coq-hott,
   author = {{Bauer}, A. and {Gross}, J. and {LeFanu Lumsdaine}, P. and {Shulman}, M. and 
	{Sozeau}, M. and {Spitters}, B.},
    title = "{The HoTT Library: A formalization of homotopy type theory in Coq}",
  journal = {ArXiv e-prints},
archivePrefix = "arXiv",
   eprint = {1610.04591},
 primaryClass = "cs.LO",
 keywords = {Computer Science - Logic in Computer Science, Mathematics - Logic, 03B70, 03B15, 55U35, F.4.1},
     year = 2016,
    month = oct,
   adsurl = {http://adsabs.harvard.edu/abs/2016arXiv161004591B},
  adsnote = {Provided by the SAO/NASA Astrophysics Data System}
}


@online{agda-hott,
  author={Guillaume Brunerie
    and Kuen-Bang {Hou (Favonia)}
    and Evan Cavallo
    and Eric Finster
    and Jesper Cockx
    and Christian Sattler
    and Chris Jeris
    and Michael Shulman
    and others},
  title={Homotopy Type Theory in {A}gda},
  url={https://github.com/HoTT/HoTT-Agda}
}

@inproceedings{univalg2,
  author={Birkhoff, Garrett},
  year=1946,
  title={Universal algebra},
  booktitle={Comptes Rendus du Premier Congrès Canadien de Mathématiques},
  publisher={University of Toronto Press, Toronto},
  pages={310--326}
}

@book{univalg3,
  title={Universal algebra},
  author={Cohn, Paul Moritz},
  lccn={lc65011701},
  series={Harper's series in modern mathematics},
  year={1965},
  publisher={Harper \& Row}
}

@book{univalg4,
  title={A Course In Universal Algebra},
  author={Burris, {Stanley N.}, and H.P. Sankappanavar},
  year=1981,
  publisher={Springer-Verlag}
}

@book{dtt,
  title={Programming in Martin-L{\"o}f’s type theory},
  author={Nordstr{\"o}m, Bengt and Petersson, Kent and Smith, Jan M},
  year={1990},
  publisher={Oxford University Press Oxford}
}